@article{Xu2014,
author = {Xu, Zhiliang},
file = {:home/benjamin/Downloads/Lec-07-3.pdf:pdf},
title = {{Lecture Notes: Advanced Scientific Computing (Lecture 5 part 3)}},
url = {http://www3.nd.edu/{~}zxu2/acms60212-40212/Lec-06-3.pdf},
year = {2014}
}
